@online{gente2023,
  author = {{Gente Globo}},
  title = {Futebol é o esporte preferido de 70\% dos brasileiros},
  year = {2023},
  url = {https://gente.globo.com/texto-o-pais-do-futebol-e-outros-esportes/},
  note = {Acessado em 26 ago. 2025}
}

@online{sportbay2022,
  author = {{Blog Sportbay}},
  title = {Quantos brasileiros jogam futebol? Descubra agora},
  year = {2022},
  url = {https://blog.sportbay.com.br/os-esportes-mais-praticados-no-brasil-conheca-as-modalidades},
  note = {Acessado em 26 ago. 2025}
}

@online{foothub2022,
  author = {{Foothub}},
  title = {História do futsal: origem, curiosidades e grandes nomes da modalidade},
  year = {2022},
  url = {https://foothub.com.br/site/a-pratica-do-futsal-e-futebol-no-brasil/},
  note = {Acessado em 26 ago. 2025}
}

@online{segov2023,
  author = {{Secretaria de Governo do DF}},
  title = {GDF investe R\$ 77 milhões em quadras esportivas no DF},
  year = {2023},
  url = {https://segov.df.gov.br/w/reforma-de-quadras-poliesportivas-parquinhos-e-pracas-beneficia-14-regioes-administrativas#:~:text=O%20contrato%2C%20licitado%20pela%20Companhia,de%20prorroga%C3%A7%C3%A3o%20por%20mais%20quatro},
  note = {Acessado em 26 ago. 2025}
}

@online{correio2023,
  author = {{Correio Braziliense}},
  title = {Plano Piloto define novas regras para uso das quadras públicas},
  year = {2023},
  url = {https://www.correiobraziliense.com.br/cidades-df/2025/04/7127392-quadras-publicas-do-plano-piloto-tem-novas-regras-de-uso.html},
  note = {Acessado em 26 ago. 2025}
}
